@InProceedings{Anderson2017BottomUpAT,
author = {Anderson, Peter and He, Xiaodong and Buehler, Chris and Teney, Damien and Johnson, Mark and Gould, Stephen and Zhang, Lei},
title = {Bottom-Up and Top-Down Attention for Image Captioning and Visual Question Answering},
booktitle = {The IEEE Conference on Computer Vision and Pattern Recognition (CVPR)},
month = {June},
year = {2018}
}

@InProceedings{Biten2019GoodNews,
author = {Biten, Ali Furkan and Gomez, Lluis and Rusinol, Marcal and Karatzas, Dimosthenis},
title = {Good News, Everyone! Context Driven Entity-Aware Captioning for News Images},
booktitle = {The IEEE Conference on Computer Vision and Pattern Recognition (CVPR)},
month = {June},
year = {2019}
}